<record xmlns="http://www.loc.gov/MARC21/slim">
   <leader>02219nam a2200493 i 4500</leader>
   <controlfield tag="001">6789444</controlfield>
   <controlfield tag="003">MiAaPQ</controlfield>
   <controlfield tag="006">m     o  d |      </controlfield>
   <controlfield tag="007">cr cnu||||||||</controlfield>
   <controlfield tag="008">150114t20152015at ao   o     001 0 eng d</controlfield>
   <datafield ind1=" " ind2=" " tag="020">
      <subfield code="z">9781922084668</subfield>
   </datafield>
   <datafield ind1=" " ind2=" " tag="020">
      <subfield code="a">9781922084675 (e-book)</subfield>
   </datafield>
   <datafield ind1=" " ind2=" " tag="035">
      <subfield code="a">ocn892123378</subfield>
   </datafield>
   <datafield ind1=" " ind2=" " tag="039">
      <subfield code="a">exclude</subfield>
   </datafield>
   <datafield ind1=" " ind2=" " tag="040">
      <subfield code="a">MiAaPQ</subfield>
      <subfield code="b">eng</subfield>
      <subfield code="e">rda</subfield>
      <subfield code="e">pn</subfield>
      <subfield code="c">MiAaPQ</subfield>
      <subfield code="d">MiAaPQ</subfield>
      <subfield code="d">AEU</subfield>
   </datafield>
   <datafield ind1=" " ind2="4" tag="050">
      <subfield code="a">GV706.3</subfield>
      <subfield code="b">.F357 2015</subfield>
   </datafield>
   <datafield ind1="0" ind2=" " tag="082">
      <subfield code="a">796.01</subfield>
      <subfield code="2">23</subfield>
   </datafield>
   <datafield ind1=" " ind2=" " tag="090">
      <subfield code="a">Internet Access</subfield>
      <subfield code="b">AEVC</subfield>
   </datafield>
   <datafield ind1=" " ind2=" " tag="090">
      <subfield code="a">Internet Access</subfield>
      <subfield code="b">AOAC</subfield>
   </datafield>
   <datafield ind1=" " ind2=" " tag="090">
      <subfield code="a">Internet Access</subfield>
      <subfield code="b">AOAC</subfield>
   </datafield>
   <datafield ind1="0" ind2="0" tag="245">
      <subfield code="a">Fair play and integrity in sport /</subfield>
      <subfield code="c">edited by Justin Healey.</subfield>
   </datafield>
   <datafield ind1=" " ind2="1" tag="264">
      <subfield code="a">Thirroul, Australia :</subfield>
      <subfield code="b">The Spinney Press,</subfield>
      <subfield code="c">2015.</subfield>
   </datafield>
   <datafield ind1=" " ind2="4" tag="264">
      <subfield code="c">©2015</subfield>
   </datafield>
   <datafield ind1=" " ind2=" " tag="300">
      <subfield code="a">1 online resource (65 pages) :</subfield>
      <subfield code="b">illustrations, photographs.</subfield>
   </datafield>
   <datafield ind1=" " ind2=" " tag="336">
      <subfield code="a">text</subfield>
      <subfield code="2">rdacontent</subfield>
   </datafield>
   <datafield ind1=" " ind2=" " tag="337">
      <subfield code="a">computer</subfield>
      <subfield code="b">c</subfield>
      <subfield code="2">rdamedia</subfield>
   </datafield>
   <datafield ind1=" " ind2=" " tag="338">
      <subfield code="a">online resource</subfield>
      <subfield code="b">cr</subfield>
      <subfield code="2">rdacarrier</subfield>
   </datafield>
   <datafield ind1="1" ind2=" " tag="490">
      <subfield code="a">Issues in Society ;</subfield>
      <subfield code="v">Volume 383</subfield>
   </datafield>
   <datafield ind1=" " ind2=" " tag="500">
      <subfield code="a">Includes index.</subfield>
   </datafield>
   <datafield ind1=" " ind2=" " tag="506">
      <subfield code="a">Access restricted to authorized users and institutions.</subfield>
   </datafield>
   <datafield ind1=" " ind2=" " tag="588">
      <subfield code="a">Description based on online resource; title from PDF title page (ebrary, viewed January 15, 2015).</subfield>
   </datafield>
   <datafield ind1=" " ind2=" " tag="596">
      <subfield code="a">3 33</subfield>
   </datafield>
   <datafield ind1=" " ind2="0" tag="650">
      <subfield code="a">Sports</subfield>
      <subfield code="x">Moral and ethical aspects.</subfield>
   </datafield>
   <datafield ind1="1" ind2=" " tag="700">
      <subfield code="a">Healey, Justin,</subfield>
      <subfield code="e">editor.</subfield>
   </datafield>
   <datafield ind1=" " ind2="0" tag="830">
      <subfield code="a">Issues in society ;</subfield>
      <subfield code="v">Volume 383.</subfield>
   </datafield>
   <datafield ind1="4" ind2="0" tag="856">
      <subfield code="3">NorQuest College Access</subfield>
      <subfield code="u">http://ebookcentral.proquest.com/lib/norquest-ebooks/detail.action?docID=1899262</subfield>
      <subfield code="z">from Ebook Central College Complete</subfield>
   </datafield>
   <datafield ind1="4" ind2="0" tag="856">
      <subfield code="3">Olds College Access</subfield>
      <subfield code="u">http://ebookcentral.proquest.com/lib/oldscollege/detail.action?docID=1899262</subfield>
      <subfield code="z">from Ebook Central College Complete</subfield>
   </datafield>
   <datafield ind1="4" ind2="0" tag="856">
      <subfield code="3">Olds College Access</subfield>
      <subfield code="u">http://search.ebscohost.com/login.aspx?direct=true&amp;scope=site&amp;db=nlebk&amp;db=nlabk&amp;AN=929409</subfield>
   </datafield>
   <datafield ind1=" " ind2=" " tag="949">
      <subfield code="h">UAIN</subfield>
      <subfield code="m">NORQ_MAIN</subfield>
      <subfield code="z">EBCCOLNQ</subfield>
   </datafield>
   <datafield ind1=" " ind2=" " tag="949">
      <subfield code="h">UAIN</subfield>
      <subfield code="m">OLDS</subfield>
      <subfield code="z">EBCCOLOLD</subfield>
   </datafield>
   <datafield ind1=" " ind2=" " tag="919">
      <subfield code="a">EBC1899262</subfield>
   </datafield>
   <datafield ind1=" " ind2=" " tag="926">
      <subfield code="a">Internet Access</subfield>
      <subfield code="w">LC</subfield>
      <subfield code="c">1</subfield>
      <subfield code="i">6789444-1001</subfield>
      <subfield code="l">INTERNET</subfield>
      <subfield code="m">OLDS</subfield>
      <subfield code="r">Y</subfield>
      <subfield code="s">Y</subfield>
      <subfield code="t">E-RESOURCE</subfield>
      <subfield code="u">1/27/2015</subfield>
      <subfield code="x">E-BOOK</subfield>
      <subfield code="z">EBSCOOLDP</subfield>
   </datafield>
   <datafield ind1=" " ind2=" " tag="926">
      <subfield code="a">Internet Access</subfield>
      <subfield code="w">LC</subfield>
      <subfield code="c">2</subfield>
      <subfield code="i">6789444-1002</subfield>
      <subfield code="l">INTERNET</subfield>
      <subfield code="m">OLDS</subfield>
      <subfield code="r">Y</subfield>
      <subfield code="s">Y</subfield>
      <subfield code="t">E-RESOURCE</subfield>
      <subfield code="u">4/5/2017</subfield>
      <subfield code="x">E-BOOK</subfield>
      <subfield code="z">EBCCOLOLD</subfield>
   </datafield>
   <datafield ind1=" " ind2=" " tag="926">
      <subfield code="a">Internet Access</subfield>
      <subfield code="w">LC</subfield>
      <subfield code="c">1</subfield>
      <subfield code="i">6789444-2001</subfield>
      <subfield code="l">INTERNET</subfield>
      <subfield code="m">NORQ_MAIN</subfield>
      <subfield code="r">Y</subfield>
      <subfield code="s">Y</subfield>
      <subfield code="t">E-RESOURCE</subfield>
      <subfield code="u">4/5/2017</subfield>
      <subfield code="x">E-BOOK</subfield>
      <subfield code="z">EBCCOLNQ</subfield>
   </datafield>
</record>
